% Copyright (C) Yair shefi

% Michal Irani- internal exteranl

@inproceedings{IraniInterExt,
  author    = {Inbar Mosseri and
               Maria Zontak and
               Michal Irani},
  title     = {Combining the power of Internal and External denoising},
  booktitle = {{IEEE} International Conference on Computational Photography, {ICCP}
               2013, Cambridge, MA, USA, April 19-21, 2013},
  pages     = {1--9},
  year      = {2013},
  url       = {http://dx.doi.org/10.1109/ICCPhot.2013.6528298},
  doi       = {10.1109/ICCPhot.2013.6528298},
  biburl    = {http://dblp.uni-trier.de/rec/bib/conf/iccp/MosseriZI13},
  bibsource = {dblp computer science bibliography, http://dblp.org}
}


@inproceedings{PatchCorrelation2016, 
author = {Huberman, Inbar and Fattal, Raanan}, 
title = {Detecting Repeating Objects using Patch Correlation Analysis},
journal = {IEEE Conference on Computer Vision and Pattern Recognition}, 
volume = {34},
issue = {1}, 
number = {13}, 
year = {2016}, 
publisher = {IEEE}, 
address = {New York, NY, USA} 
} 

@article{BM3Dipol,
    title   = {{An Analysis and Implementation of the BM3D Image Denoising Method}},
    author  = {Lebrun, Marc},
    journal = {{Image Processing On Line}},
    volume  = {2},
    pages   = {175--213},
    year    = {2012},
    doi     = {10.5201/ipol.2012.l-bm3d},
}
% if your bibliography style doesn't support doi fields:
    note    = {\url{http://dx.doi.org/10.5201/ipol.2012.l-bm3d}}

@inproceedings{GmmWeiss,
  author    = {Daniel Zoran and
               Yair Weiss},
  title     = {From learning models of natural image patches to whole image restoration},
  booktitle = {{IEEE} International Conference on Computer Vision, {ICCV} 2011, Barcelona,
               Spain, November 6-13, 2011},
  pages     = {479--486},
  year      = {2011},
  url       = {http://dx.doi.org/10.1109/ICCV.2011.6126278},
  doi       = {10.1109/ICCV.2011.6126278},
  biburl    = {http://dblp.uni-trier.de/rec/bib/conf/iccv/ZoranW11},
  bibsource = {dblp computer science bibliography, http://dblp.org}
}

@inproceedings{nonlocalmeans,
  author    = {Antoni Buades and
               Bartomeu Coll and
               Jean{-}Michel Morel},
  title     = {A Non-Local Algorithm for Image Denoising},
  booktitle = {2005 {IEEE} Computer Society Conference on Computer Vision and Pattern
               Recognition {(CVPR} 2005), 20-26 June 2005, San Diego, CA, {USA}},
  pages     = {60--65},
  year      = {2005},
  crossref  = {DBLP:conf/cvpr/2005},
  url       = {http://dx.doi.org/10.1109/CVPR.2005.38},
  doi       = {10.1109/CVPR.2005.38},
  timestamp = {Tue, 25 Nov 2014 17:05:17 +0100},
  biburl    = {http://dblp.uni-trier.de/rec/bib/conf/cvpr/BuadesCM05},
  bibsource = {dblp computer science bibliography, http://dblp.org}
}

@inproceedings{crisp_adelson,
   author="Phillip Isola and Daniel Zoran and Dilip Krishnan and Edward H. Adelson",
   title="Crisp Boundary Detection Using Pointwise Mutual Information", 
   booktitle="ECCV", 
   year="2014"
}